<record><leader>00000cas a22000007a 4500</leader><controlfield tag="001">27902569</controlfield><controlfield tag="008">930412d18801882scuwr ne      0    0eng d</controlfield><datafield ind1=" " ind2=" " tag="010"><subfield code="a">sn 93067688 </subfield></datafield><datafield ind1=" " ind2=" " tag="040"><subfield code="a">SVN</subfield><subfield code="b">eng</subfield><subfield code="c">SVN</subfield><subfield code="d">OCLCQ</subfield><subfield code="d">DLC</subfield><subfield code="d">OCLCF</subfield></datafield><datafield ind1=" " ind2=" " tag="042"><subfield code="a">msc</subfield></datafield><datafield ind1=" " ind2=" " tag="043"><subfield code="a">n-us-sc</subfield></datafield><datafield ind1="0" ind2=" " tag="130"><subfield code="a">Farmer's friend (Bennettsville, S.C.)</subfield></datafield><datafield ind1="1" ind2="4" tag="245"><subfield code="a">The farmer's friend.</subfield></datafield><datafield ind1=" " ind2=" " tag="260"><subfield code="a">Bennettsville, S.C. :</subfield><subfield code="b">[s.n.]</subfield></datafield><datafield ind1=" " ind2=" " tag="300"><subfield code="a">v.</subfield></datafield><datafield ind1=" " ind2=" " tag="310"><subfield code="a">Weekly</subfield></datafield><datafield ind1="1" ind2=" " tag="362"><subfield code="a">Began in 1880? Ceased in 1882?</subfield></datafield><datafield ind1=" " ind2=" " tag="588"><subfield code="a">Description based on: Vol. 7, no. 11 (Mar. 2, 1882).</subfield></datafield><datafield ind1=" " ind2="0" tag="651"><subfield code="a">Bennettsville (S.C.)</subfield><subfield code="v">Newspapers.</subfield></datafield><datafield ind1=" " ind2="0" tag="651"><subfield code="a">Marlboro County (S.C.)</subfield><subfield code="v">Newspapers.</subfield></datafield><datafield ind1=" " ind2="7" tag="655"><subfield code="a">Newspapers.</subfield><subfield code="2">fast</subfield><subfield code="0">(OCoLC)fst01423814</subfield></datafield><datafield ind1=" " ind2="7" tag="651"><subfield code="a">South Carolina</subfield><subfield code="z">Bennettsville.</subfield><subfield code="2">fast</subfield><subfield code="0">(OCoLC)fst01222534</subfield></datafield><datafield ind1=" " ind2="7" tag="651"><subfield code="a">South Carolina</subfield><subfield code="z">Marlboro County.</subfield><subfield code="2">fast</subfield><subfield code="0">(OCoLC)fst01206930</subfield></datafield><datafield ind1=" " ind2=" " tag="752"><subfield code="a">United States</subfield><subfield code="b">South Carolina</subfield><subfield code="c">Marlboro</subfield><subfield code="d">Bennettsville.</subfield></datafield><datafield ind1="0" ind2="0" tag="780"><subfield code="t">Marlborough planter</subfield></datafield><datafield ind1="0" ind2="0" tag="785"><subfield code="t">Marlboro democrat</subfield><subfield code="x">2165-7750</subfield><subfield code="w">(DLC)sn 92065637</subfield><subfield code="w">(OCoLC)26642360</subfield></datafield></record>